
@Book{		  villani2003,
  title		= {Topics in optimal transportation},
  author	= {C{\'e}dric Villani},
  number	= {58},
  year		= {2003},
  publisher	= {American Mathematical Soc.}
}

@Article{	  brenier1991,
  author	= {Brenier, Yann},
  file		= {:home/pbrowne/Documents/Mendeley/Brenier/1991/Brenier -
		  1991 - Polar Factorization and Monotone Rearrangement of
		  Vector-Valued Functions.pdf:pdf},
  journal	= {Communications on Pure and Applied Mathematics},
  pages		= {375--417},
  title		= {{Polar Factorization and Monotone Rearrangement of
		  Vector-Valued Functions}},
  volume	= {XLIV},
  year		= {1991}
}

@Article{	  mccann2001,
  author	= {McCann, RJ},
  doi		= {10.1007/PL00001679},
  file		= {:home/pbrowne/Documents/Mendeley/McCann/2001/McCann - 2001
		  - Polar factorization of maps on Riemannian
		  manifolds.pdf:pdf},
  journal	= {Geometric \& Functional Analysis GAFA},
  number	= {3},
  pages		= {589--608},
  title		= {{Polar factorization of maps on Riemannian manifolds}},
  url		= {http://link.springer.com/article/10.1007/PL00001679},
  volume	= {11},
  year		= {2001}
}
