@Book{		  villani2003,
  title		= {Topics in optimal transportation},
  author	= {C{\'e}dric Villani},
  number	= {58},
  year		= {2003},
  publisher	= {American Mathematical Soc.}
}

@Article{	  brenier1991,
  author	= {Brenier, Yann},
  file		= {:home/pbrowne/Documents/Mendeley/Brenier/1991/Brenier -
		  1991 - Polar Factorization and Monotone Rearrangement of
		  Vector-Valued Functions.pdf:pdf},
  journal	= {Communications on Pure and Applied Mathematics},
  pages		= {375--417},
  title		= {{Polar Factorization and Monotone Rearrangement of
		  Vector-Valued Functions}},
  volume	= {XLIV},
  year		= {1991}
}
